% Bibliograf√≠a
@book
{ Reynolds,
  author    = {John Charles Reynolds},
  title     = {Theories of Programming Languages},
  year      = {1998},
  publisher = {Cambridge University Press} 
}

@book
{ Dragon,
  author    = {Alfred Aho and Ravi Sethi and Jeffrey Ullman},
  title     = {Compilers: Principles, Techniques, and Tools},
  year      = {1988},
  publisher = {Addison Wesley}
}